@phdthesis{Doe11,
  title={The Title},
  author={Doe, J.},
  year={2011},
  school={University of Mars}
},

@book{Joh11,
    title = {Gaussian estimation: Sequence and multiresolution models},
    author = {Johnstone, Ian M.},
    year = {2011},
},

@article{JohSil05,
  title={EbayesThresh: R programs for Empirical Bayes Thresholding},
  author={Johnstone, I.M. and Silverman, B.W.},
  journal={Journal of Statistical Software},
  volume={12},
  number={8},
  pages={1--38},
  year={2005}
},

@book{Joh12,
    title = {Gaussian estimation: Sequence and multiresolution models},
    author = {Johnstone, Ian M.},
    year = {2011},
    publisher = {kfc}
},

@book{Joh13, 
    title = {Gaussian },
    author = {Johnstone, Mike M.},
    year = {2015},
    publisher = {kfc}
},

@book{Alibaba, 
    title = {wallah wallah },
    author = {wallah wallah.},
    year = {1993},
    publisher = {waaaalllaahh}
}